@inproceedings{liu_simplification_2016,
	location = {Osaka, Japan},
	title = {Simplification of Example Sentences for Learners of Japanese Functional Expressions},
	pages = {1--5},
	booktitle = {Proceedings of the 3rd Workshop on Natural Language Processing Techniques for Educational Applications},
	author = {Liu, Jun and Matsumoto, Yuji},
	year = {2016},
	month = {February},
	language = {english},
}

@article{martin_muss_2021,
	title={MUSS: Multilingual Unsupervised Sentence Simplification by Mining Paraphrases}, 
	author={Louis Martin and Angela Fan and Eric de la Clergerie and Antoine Bordes and Benoît Sagot},
	year={2021},
	journal = {arXiv preprint  arXiv:2005.00352},
	language = {english}
}


@inproceedings{see_get_2017,
	location = {Vancouver, Canada},
	title = {Get To The Point: Summarization with Pointer-Generator Networks},
	doi = {10.18653/v1/P17-1099},
	shorttitle = {Get To The Point},
	eventtitle = {{ACL} 2017},
	pages = {1073--1083},
	booktitle = {Proceedings of the 55th Annual Meeting of the Association for Computational Linguistics (Volume 1: Long Papers)},
	publisher = {Association for Computational Linguistics},
	author = {See, Abigail and Liu, Peter J. and Manning, Christopher D.},
	date = {2017-07},
	language = {english}
}

@article{paetzold_survey_2017,
	author = {Paetzold, Gustavo and Specia, Lucia},
	year = {2017},
	month = {November},
	pages = {549-593},
	title = {A Survey on Lexical Simplification},
	volume = {60},
	journal = {Journal of Artificial Intelligence Research},
	doi = {10.1613/jair.5526},
	language = {english}
}

@article{shardlow_survey_2014,
	author = {Shardlow, Matthew},
	year = {2014},
	month = {January},
	pages = {},
	title = {A Survey of Automated Text Simplification},
	volume = {4},
	journal = {International Journal of Advanced Computer Science and Applications},
	doi = {10.14569/SpecialIssue.2014.040109},
	language = {english}
}



@article{noauthor_nlp_nodate,
	title = {{NLP} From Scratch: Translation with a Sequence to Sequence Network and Attention — {PyTorch} Tutorials 1.10.1+cu102 documentation [Электронный ресурс]. - Режим доступа: https://pytorch.org/tutorials/intermediate/seq2seq\_translation\_tutorial.html (Дата обращения: 01-01-2022)} ,
}


@book{
	rus_pas,
	author="Валгина Н.С., Розенталь Д.Э., Фомина М.И.",
	title="Современный русский язык: Учебник",
	publisher="6-е изд., перераб. и доп. - М.: Логос",
	year=2002,
	pages=528 
}


@article{chandrasekar_automatic_1997,
	author = {Chandrasekar, Raman and Bangalore, Srinivas},
	year = {1997},
	month = {October},
	pages = {183-190},
	title = {Automatic Induction of Rules for Text Simplification},
	volume = {10},
	journal = {Knowl.-Based Syst.},
	doi = {10.1016/S0950-7051(97)00029-4},
	language = {english}
}

@article{siddharthan_syntactic_2006,
	author = {Siddharthan, Advaith},
	year = {2004},
	month = {July},
	pages = {},
	title = {Syntactic Simplification and Text Cohesion},
	volume = {4},
	journal = {Research on Language \& Computation},
	doi = {10.1007/s11168-006-9011-1},
	language = {english}
}

@article{jonnalagadda_biosimplify_2010,
	title={BioSimplify: an open source sentence simplification engine to improve recall in automatic biomedical information extraction},
	author={Siddhartha R. Jonnalagadda and Graciela Gonzalez},
	journal={AMIA Annual Symposium proceedings},
	year={2010},
	volume={2010},
	pages={351-355},
	language = {english}
}

@article{noauthor_svm_2017,
	title = {{SVM} {\textbar} Support Vector Machine Algorithm in Machine Learning},
	url = {https://www.analyticsvidhya.com/blog/2017/09/understaing-support-vector-machine-example-code/  (Дата обращения: 05-01-2022)} ,
}

@InProceedings{hutchison_ernesta_2013,
	author="Barlacchi, Gianni
	and Tonelli, Sara",
	title="ERNESTA: A Sentence Simplification Tool for Children's Stories in Italian",
	booktitle="Computational Linguistics and Intelligent Text Processing",
	year="2013",
	publisher="Springer Berlin Heidelberg",
	pages="476--487",
	isbn="978-3-642-37256-8",
	language = {english}
}



@article{alva,
	title={Data-Driven Sentence Simplification: Survey and Benchmark},
	author={Fernando Alva-Manchego and Carolina Scarton and Lucia Specia},
	journal={Computational Linguistics},
	year={2020},
	volume={46},
	pages={1-87},
	language = {english}
}

@article{aluisio_fostering_2010,
	author = {Aluisio, Sandra and Gasperin, Caroline},
	year = {2010},
	month = "June",
	pages = {},
	title = {PorSimples: Simplification of Portuguese Texts Fostering Digital Inclusion and Accessibility},
	journal = {Proceedings of the NAACL HLT 2010 Young Investigators Workshop on Computational Approaches to Languages of the Americas},
	language = {english},
	pages="25--31"
}


@article{deep,
	title={A Review on Deep Learning Techniques Applied to Semantic Segmentation},
	author={Alberto Garcia-Garcia and Sergio Orts and Sergiu Oprea and Victor Villena-Martinez and Jos{\'e} Garc{\'i}a Rodr{\'i}guez},
	journal = {arXiv preprint  arXiv:1704.06857},
	year={2017},
	language = {english}
}

@inproceedings{nisioi_exploring_2017,
	author = {Nisioi, Sergiu and Stajner, Sanja and Ponzetto, Simone and Dinu, Liviu},
	booktitle={ACL},
	year = {2017},
	month = {January},
	pages = {85-91},
	title = {Exploring Neural Text Simplification Models},
	doi = {10.18653/v1/P17-2014},
	language = {english}
}


@inproceedings{zhang_sentence_2017,
	title = "Sentence Simplification with Deep Reinforcement Learning",
	author = "Zhang, Xingxing  and
	Lapata, Mirella",
	booktitle = "Proceedings of the 2017 Conference on Empirical Methods in Natural Language Processing",
	year = "2017",
	address = "Copenhagen, Denmark",
	publisher = "Association for Computational Linguistics",
	doi = "10.18653/v1/P17-1062",
	pages = "584--594",
	language = {english}
}

@book{likert,
	title     = "Шкала Лайкерта (Ликерта). Социологический словарь",
	author    = "Косолапов М.С.",
	editor = "Г. В. Осипов",
	year      = 2015,
	publisher = "Академический учебно-научный центр РАН-МГУ им. М.В. Ломоносова, НОРМА, НИЦ ИНФРА М",
	address   = "М.",
	pages = {372--373}
}

@article{xu_optimizing_2016,
	author = {Xu, Wei and Napoles, Courtney and Pavlick, Ellie and Chen, Quanze and Callison-Burch, Chris},
	year = {2016},
	month = {December},
	pages = {401-415},
	title = {Optimizing Statistical Machine Translation for Text Simplification},
	volume = {4},
	journal = {Transactions of the Association for Computational Linguistics},
	doi = {10.1162/tacl_a_00107},
	language = {english}
}

@article{test,
	author = {Paasche-Orlow, Michael and Taylor, Holly and Brancati, Frederick},
	year = {2003},
	month = {February},
	pages = {721-726},
	title = {Readability Standards for Informed-Consent Forms as Compared with Actual Readability},
	volume = {348},
	journal = {The New England journal of medicine},
	doi = {10.1056/NEJMsa021212},
	language = {english}
}

@article{zhu_monolingual_2010,
	author = {Zhu, Zhemin and Bernhard, Delphine and Gurevych, Iryna},
	year = {2010},
	month = {August},
	pages = {1353-1361},
	title = {A Monolingual Tree-based Translation Model for Sentence Simplification},
	volume = {2},
	journal = {Coling 2010 - 23rd International Conference on Computational Linguistics, Proceedings of the Conference},
	language = {english}
}

@article{finegan_dollak_sentence_2016,
	author = {Finegan‐Dollak, Catherine and Radev, Dragomir},
	year = {2015},
	month = {October},
	pages = {2437--2453},
	title = {Sentence simplification, compression, and disaggregation for summarization of sophisticated documents},
	volume = {67},
	journal = {Journal of the Association for Information Science and Technology},
	doi = {10.1002/asi.23576},
	language = {english}
}

@inproceedings{liu_simplification_201,
	author = {Liu, Jun and Shindo, Hiroyuki and Matsumoto, Yuji},
	year = {2018},
	month = {January},
	pages = {56-61},
	title = {Sentence Suggestion of Japanese Functional Expressions for Chinese-speaking Learners},
	doi = {10.18653/v1/P18-4010},
	language = {english}
}



@article{sikka_survey_2020,
	title = {A Survey on Text Simplification},
	journal = {arXiv preprint  arXiv:2008.08612},
	author = {Sikka, Punardeep and Mago, Vijay},
	date = {2020-08-24},
	year = {2020},
	month = {August},
	pages = {1--15},
	language = {english}
}


@inproceedings{evans_evaluation_2014,
	title = {An evaluation of syntactic simplification rules for people with autism},
	doi = {10.3115/v1/W14-1215},
	pages = {131--140},
	booktitle = {Proceedings of the 3rd Workshop on Predicting and Improving Text Readability for Target Reader Populations},
	author = {Evans, Richard and Orasan, Constantin and Dornescu, Iustin},
	year = {2014},
	month = {April},
	language = {english},
	publisher = {Association for Computational Linguistics},
}



@inproceedings{kazan_federal_university,
	title = {RuSimpleSentEval-2021 Shared Task: Evaluating Sentence Simplification for Russian},
	doi = {10.28995/2075-7182-2021-20-607-617},
	pages = {607-617},
	booktitle = {Proceedings of DIALOGUE 2021 conference},
	author = {Sakhovskiy, Andrey and Izhevskaya, Alexandra and Pestova, Alena and Tutubalina, Elena and Malykh, Valentin and Smurov, Ivan and Artemova, Ekaterina},
	year = {2021},
	month = {June},
	language = {english}
}


@article{devlin_bert_2019,
	title = {{BERT}: Pre-training of Deep Bidirectional Transformers for Language Understanding},
	journal = {arXiv preprint  arXiv:1810.04805},
	author = {Devlin, Jacob and Chang, Ming-Wei and Lee, Kenton and Toutanova, Kristina},
	year = {2019},
	month = {May},
	language = {english}
}



@article{siddharthan_survey_2014,
	title={A survey of research on text simplification},
	author={Advaith Siddharthan},
	journal={ITL – International Journal of Applied Linguistics},
	year={2014},
	volume={165},
	pages={259-298},
	language = {english}
}

@book{
	diff,
	author="Douglas Fisher and Nancy Frey and Diane Lapp",
	title="Text Complexity: Raising Rigor in Reading",
	publisher="Newark, DE: International Reading Association",
	year=2012,
	pages=212,
	language = {english}
}

@article{2parts,
	 title={Лингвистическая сложность учебных текстов}, 
	 volume={40}, 
	 number={1}, 
	 journal={Вопросы журналистики, педагогики, языкознания}, 
	 author={Вахрушева, Александра Яковлевна and Солнышкина, Марина Ивановна and Куприянов, Роман Владимирович and Гафиятова, Эльзара Василовна and Климагина, Ирина Олеговна}, 
	 year={2021}, 
	 month={Апрель}, 
	 pages={89-99},
}
 
 
@inproceedings{sulem_semantic_2018,
 	location = {New Orleans, Louisiana},
 	title = {Semantic Structural Evaluation for Text Simplification},
 	doi = {10.18653/v1/N18-1063},
 	eventtitle = {{NAACL}-{HLT} 2018},
 	pages = {685--696},
 	booktitle = {Proceedings of the 2018 Conference of the North American Chapter of the Association for Computational Linguistics: Human Language Technologies, Volume 1 (Long Papers)},
 	publisher = {Association for Computational Linguistics},
 	author = {Sulem, Elior and Abend, Omri and Rappoport, Ari},
 	year = {2018},
 	language = {english}
}

@inproceedings{saint_petersburg_russia_rusimscore_2021,
 	title = {{RuSimScore}: unsupervised scoring function for Russian sentence simplification quality},
	booktitle = {Proceedings of DIALOGUE 2021 conference},
 	pages = {524--532},
 	author = {Orzhenovskii, Mikhail},
 	year = {2021},
 	month = {June},
 	langid = {english},
 	doi = {10.28995/2075-7182-2021-20-524-532},
 	language = {english}
 }


@inproceedings{ranepa_moscow_russia_sentence_2021,
	title = {Sentence simplification with {ruGPT}3},
	booktitle = {Proceedings of DIALOGUE 2021 conference},
	author = {Shatilov, A. A. and Rey, A. I.},
	pages = {618--625},
	year = {2021},
	month = {June},
	langid = {english},
	doi = {10.28995/2075-7182-2021-20-618-625},
	language = {english}
}